
@misc{deltaweb,
	title = "Taylor Approximation and the Delta Method",
	month = {4},
	year= {2009},
	author = {Alex Papanicolaou},
	howpublished = {\url{http://www.stat.rice.edu/~dobelman/notes_papers/math/TaylorAppDeltaMethod.pdf}}
}

@misc{impweb,
	title = "Advanced Statistical Computing",
	month = {7},
	year= {2018},
	author = {Roger D. Pang},
	howpublished = {\url{https://bookdown.org/rdpeng/advstatcomp/importance-sampling.html}}
}

@misc{impint,
	title = "Statistical Computation and Simulation",
	month = {5},
	year= {2014},
	author = {Jo{\tilde{a}}o Neto},
	howpublished = {\url{http://www.di.fc.ul.pt/~jpn/r/ECS/index.html\#use-of-importance-sampling-to-compute-an-integral}}
}


@article{doucet2008,
	title={A tutorial on particle filtering and smoothing: Fifteen years later},
	author={Doucet, Arnaud and Johansen, Adam M},
	journal={Handbook of nonlinear filtering},
	volume={12},
	number={656-704},
	pages={3},
	year={2009}
}

@book{SMCinPrac,
	title={Sequential Monte Carlo methods in practice},
	author={Smith, Adrian},
	year={2013},
	publisher={Springer Science \& Business Media}
}

@article{liu1998sequential,
	title={Sequential Monte Carlo methods for dynamic systems},
	author={Liu, Jun S and Chen, Rong},
	journal={Journal of the American statistical association},
	volume={93},
	number={443},
	pages={1032--1044},
	year={1998},
	publisher={Taylor \& Francis}
}

@article{liu1995blind,
	title={Blind deconvolution via sequential imputations},
	author={Liu, Jun S and Chen, Rong},
	journal={Journal of the american statistical association},
	volume={90},
	number={430},
	pages={567--576},
	year={1995},
	publisher={Taylor \& Francis Group}
}

@article{blake1998statistical,
	title={Statistical models of visual shape and motion},
	author={Blake, Andrew and Bascle, B and Isard, M and MacCormick, J},
	journal={Philosophical Transactions of the Royal Society of London. Series A: Mathematical, Physical and Engineering Sciences},
	volume={356},
	number={1740},
	pages={1283--1302},
	year={1998},
	publisher={The Royal Society}
}

@inproceedings{gordon1993novel,
	title={Novel approach to nonlinear/non-Gaussian Bayesian state estimation},
	author={Gordon, Neil J and Salmond, David J and Smith, Adrian FM},
	booktitle={IEE proceedings F (radar and signal processing)},
	volume={140},
	number={2},
	pages={107--113},
	year={1993},
	organization={IET}
}

@book{cinlar,
	title={Probability and stochastics},
	author={{\c{C}}{\i}nlar, Erhan},
	volume={261},
	year={2011},
	publisher={Springer Science \& Business Media}
}

@article{geweke1989,
	title={Bayesian inference in econometric models using Monte Carlo integration},
	author={Geweke, John},
	journal={Econometrica: Journal of the Econometric Society},
	pages={1317--1339},
	year={1989},
	publisher={JSTOR}
}

@misc{fristedt1996,
	title={A Modern Approach to Probability Theory},
	author={Fristedt, B and Gray, L},
	year={1996},
	publisher={Springer, New York}
}

@article{kong1994,
	title={Sequential imputations and Bayesian missing data problems},
	author={Kong, Augustine and Liu, Jun S and Wong, Wing Hung},
	journal={Journal of the American statistical association},
	volume={89},
	number={425},
	pages={278--288},
	year={1994},
	publisher={Taylor \& Francis Group}
}

@article{chopin2004central,
	title={Central limit theorem for sequential Monte Carlo methods and its application to Bayesian inference},
	author={Chopin, Nicolas and others},
	journal={The Annals of Statistics},
	volume={32},
	number={6},
	pages={2385--2411},
	year={2004},
	publisher={Institute of Mathematical Statistics}
}

@article{he2011evaluation,
	title={Evaluation of lithium-ion battery equivalent circuit models for state of charge estimation by an experimental approach},
	author={He, Hongwen and Xiong, Rui and Fan, Jinxin},
	journal={energies},
	volume={4},
	number={4},
	pages={582--598},
	year={2011},
	publisher={Molecular Diversity Preservation International}
}

@article{tulsyan2016state,
	title={State-of-charge estimation in lithium-ion batteries: A particle filter approach},
	author={Tulsyan, Aditya and Tsai, Yiting and Gopaluni, R Bhushan and Braatz, Richard D},
	journal={Journal of Power Sources},
	volume={331},
	pages={208--223},
	year={2016},
	publisher={Elsevier}
}

@article{miao2013remaining,
	title={Remaining useful life prediction of lithium-ion battery with unscented particle filter technique},
	author={Miao, Qiang and Xie, Lei and Cui, Hengjuan and Liang, Wei and Pecht, Michael},
	journal={Microelectronics Reliability},
	volume={53},
	number={6},
	pages={805--810},
	year={2013},
	publisher={Elsevier}
}

@article{zimmerman,
	title={Probability spaces, Hilbert spaces, and the axioms of test theory},
	author={Zimmerman, Donald W},
	journal={Psychometrika},
	volume={40},
	number={3},
	pages={395--412},
	year={1975},
	publisher={Springer}
}