%% This BibTeX bibliography file was created using BibDesk.
%% https://bibdesk.sourceforge.io/

%% Created for Benjamin Bloem-Reddy at 2019-10-18 14:42:02 -0700 


%% Saved with string encoding Unicode (UTF-8) 

@article{Gyorgy:2014,
	title = "Unscented Kalman Filters and Particle Filter Methods for Nonlinear State Estimation",
	journal = "Procedia Technology",
	volume = "12",
	pages = "65 - 74",
	year = "2014",
	issn = "2212-0173",
	doi = "https://doi.org/10.1016/j.protcy.2013.12.457",
	url = "http://www.sciencedirect.com/science/article/pii/S2212017313006427",
	author = "Katalin Gyorgy and And\'{a}s Kelemen and L\'{a}szl\'{o} D\'{a}vid",
	keywords = "nonlinear state estimation, Unscented Kalman Filter, Particle Filter algorithm",
}

@article{Tulsyan:2016,
	title={State-of-charge estimation in lithium-ion batteries: A particle filter approach},
	author={Tulsyan, Aditya and Tsai, Yiting and Gopaluni, R Bhushan and Braatz, Richard D},
	journal={Journal of Power Sources},
	volume={331},
	pages={208--223},
	year={2016},
	publisher={Elsevier}
}

@article{Tulsyan:2016:ParticleFilter,
	title = "Particle filtering without tears: A primer for beginners",
	journal = "{Computers \& Chemical Engineering}",
	volume = "95",
	pages = "130 - 145",
	year = "2016",
	issn = "0098-1354",
	doi = "https://doi.org/10.1016/j.compchemeng.2016.08.015",
	url = "http://www.sciencedirect.com/science/article/pii/S0098135416302769",
	author = "Aditya Tulsyan and R. Bhushan Gopaluni and Swanand R. Khare",
	keywords = "Monte Carlo method, Particle filter, State estimation, Bayesian inference",
}

@article{Sun:2011,
	title={Adaptive unscented Kalman filtering for state of charge estimation of a lithium-ion battery for electric vehicles},
	author={Sun, Fengchun and Hu, Xiaosong and Zou, Yuan and Li, Siguang},
	journal={Energy},
	volume={36},
	number={5},
	pages={3531--3540},
	year={2011},
	publisher={Elsevier}
}

@article{Patwardhan:2012,
	title = "Nonlinear Bayesian state estimation: A review of recent developments",
	journal = "Control Engineering Practice",
	volume = "20",
	number = "10",
	pages = "933 - 953",
	year = "2012",
	note = "4th Symposium on Advanced Control of Industrial Processes (ADCONIP)",
	issn = "0967-0661",
	doi = "https://doi.org/10.1016/j.conengprac.2012.04.003",
	url = "http://www.sciencedirect.com/science/article/pii/S0967066112000871",
	author = "Sachin C. Patwardhan and Shankar Narasimhan and Prakash Jagadeesan and Bhushan Gopaluni and Sirish L. Shah",
	keywords = "Sequential Bayesian state estimation, Constrained state estimation, Multi-rate sampling, Observer stability, State and parameter estimation",
}

@article{Kalman:1960,
	title={A new approach to linear filtering and prediction problems},
	author={Kalman, Rudolph Emil},
	year={1960}
}

@book{Maybeck:1982,
	title={Stochastic models, estimation, and control},
	author={Maybeck, Peter S},
	volume={3},
	year={1982},
	publisher={Academic press}
}

@book{Sullivan:2015,
	title={Introduction to uncertainty quantification},
	author={Sullivan, Timothy John},
	volume={63},
	year={2015},
	publisher={Springer}
}

@article{Welch:Bishop:2001,
	title={An introduction to the kalman filter},
	author={Bishop, Gary and Welch, Greg and others},
	journal={Proc of SIGGRAPH, Course},
	volume={8},
	number={27599-23175},
	pages={41},
	year={2001}
}

@article{Ramadesigan:etal:2011,
	title={Parameter estimation and capacity fade analysis of lithium-ion batteries using reformulated models},
	author={Ramadesigan, Venkatasailanathan and Chen, Kejia and Burns, Nancy A and Boovaragavan, Vijayasekaran and Braatz, Richard D and Subramanian, Venkat R},
	journal={Journal of the electrochemical society},
	volume={158},
	number={9},
	pages={A1048--A1054},
	year={2011},
	publisher={The Electrochemical Society}
}

